<?xml version="1.0" encoding="UTF-8"?><collection xmlns="http://www.loc.gov/MARC21/slim"><record><leader>00353nam--2200145-i-4500</leader><controlfield tag="001">000015779</controlfield><controlfield tag="002">20161230</controlfield><controlfield tag="005">20170224010856</controlfield><controlfield tag="008">060222s1000------------r-----000-0-eng-d</controlfield><datafield ind1=" " ind2=" " tag="100"><subfield code="a">De Launay, L</subfield></datafield><datafield ind1=" " ind2=" " tag="245"><subfield code="a">La conquete minerale</subfield></datafield><datafield ind1=" " ind2=" " tag="260"><subfield code="a">Paris</subfield><subfield code="b">Ernest Flammarion, Editeur</subfield><subfield code="c">1908</subfield></datafield><datafield ind1=" " ind2=" " tag="300"><subfield code="a">389 p</subfield></datafield><datafield ind1=" " ind2=" " tag="852"><subfield code="a">622.3</subfield></datafield><datafield ind1=" " ind2=" " tag="CAT"><subfield code="a">SYS</subfield><subfield code="c">20170224</subfield><subfield code="h">010856</subfield></datafield></record></collection>